


@misc{ WhatIsWebApplicationWebAppsAndItsBenefits,
  author = {Margaret Rouse},
  title = {{What Is Web Application (Web Apps) And Its Benefits}},
  howpublished = "Available at \url{https://searchsoftwarequality.techtarget.com/definition/Web-application-Web-app}",
  note = "[Online; accessed 28-November-2020]"
}
                    
@article{ RecommendationSystemsPrinciples,
  author =	 {F.O. Isinkaye and Y.O. Folajimi and B.A. Ojokoh},
  title =	 {Recommendation systems: Principles, methods and evaluation},
  journal =	 {Egyptian Informatics Journal},
  volume =	 16,
  number =	 3,
  year =	 2015
}

@misc{ Recommendersystem,
  author = {Wikipedia},
  title = {{Recommender system}},
  howpublished = "Available at \url{https://en.wikipedia.org/wiki/Recommender_system#Content-based_filtering}",
  note = "[Online; accessed 20-November-2020]"
}
                    
@misc{ WhatisMachineLearning,
  author = {Expert System Team},
  title = {{What is Machine Learning?}},
  howpublished = "Available at \url{https://expertsystem.com/machine-learning-definition/}",
  note = "[Online; accessed 26-November-2020]"
}
                    
@misc{ Collaborativefiltering,
  author = {Wikipedia},
  title = {{Collaborative filtering}},
  howpublished = "Available at \url{https://en.wikipedia.org/wiki/Collaborative_filtering}",
  note = "[Online; accessed 21-November-2020]"
}
                    
@misc{ AlgorithmsforDiscreteOptimization,
  author = {Sanjam Singh},
  title = {{Algorithms for Discrete Optimization}},
  howpublished = "Available at \url{https://mech.iitm.ac.in/nspch52.pdf}",
  note = "[Online; accessed 16-March-2021]"
}
                    
@misc{ Mathematicaloptimization,
  author = {Wikipedia},
  title = {{Mathematical optimization}},
  howpublished = "Available at \url{https://en.wikipedia.org/wiki/Mathematical_optimization}",
  note = "[Online; accessed 16-March-2021]"
}
                    
@misc{ Geneticalgorithm,
  author = {Wikipedia},
  title = {{Genetic algorithm}},
  howpublished = "Available at \url{https://en.wikipedia.org/wiki/Genetic_algorithm}",
  note = "[Online; accessed 16-March-2021]"
}
                    
@misc{ IntroductiontoGeneticAlgorithmsIncludingExampleCode,
  author = {Vijini Mallawaarachchi},
  title = {{Introduction to Genetic Algorithms — Including Example Code}},
  howpublished = "Available at \url{https://towardsdatascience.com/introduction-to-genetic-algorithms-including-example-code-e396e98d8bf3}",
  note = "[Online; accessed 16-March-2021]"
}
                    
@misc{ HTMLHyperTextMarkupLanguage,
  author = {MDN},
  title = {{HTML: HyperText Markup Language}},
  howpublished = "Available at \url{https://developer.mozilla.org/en-US/docs/Web/HTML}",
  note = "[Online; accessed 26-November-2020]"
}
                    
@misc{ JavaScript,
  author = {MDN},
  title = {{JavaScript}},
  howpublished = "Available at \url{https://developer.mozilla.org/en-US/docs/Web/JavaScript}",
  note = "[Online; accessed 26-November-2020]"
}
                    
@misc{ TypeScript,
  author = {Microsoft},
  title = {{TypeScript}},
  howpublished = "Available at \url{https://www.typescriptlang.org/}",
  note = "[Online; accessed 27-November-2020]"
}
                    
@misc{ IntroductiontoNodejs,
  author = {OpenJS Foundation},
  title = {{Introduction to Node.js}},
  howpublished = "Available at \url{https://nodejs.dev/learn}",
  note = "[Online; accessed 27-November-2020]"
}
                    
@misc{ WhydidwebuildReact,
  author = {Pete Hunt},
  title = {{Why did we build React?}},
  howpublished = "Available at \url{https://reactjs.org/blog/2013/06/05/why-react.html}",
  note = "[Online; accessed 27-November-2020]"
}
                    
@misc{ TOP10ADVANTAGESOFUSINGREACTJS,
  author = {DA14},
  title = {{TOP 10 ADVANTAGES OF USING REACT.JS}},
  howpublished = "Available at \url{https://da-14.com/blog/its-high-time-reactjs-ten-reasons-give-it-try}",
  note = "[Online; accessed 27-November-2020]"
}
                    
@misc{ PythonTutorial,
  author = {Tutorialspoint},
  title = {{Python Tutorial}},
  howpublished = "Available at \url{https://www.tutorialspoint.com/python/index.htm}",
  note = "[Online; accessed 27-November-2020]"
}
                    
@misc{ Top7ReasonsWhyYouNeedtoLearnPythonasaDataScientist,
  author = {Olha Bahaieva},
  title = {{Top 7 Reasons Why You Need to Learn Python as a Data Scientist}},
  howpublished = "Available at \url{https://towardsdatascience.com/top-10-reasons-why-you-need-to-learn-python-as-a-data-scientist-e3d26539ec00}",
  note = "[Online; accessed 27-November-2020]"
}
                    
@misc{ JupyterLabOverview,
  author = {JupyterLab},
  title = {{JupyterLab Overview}},
  howpublished = "Available at \url{https://jupyterlab.readthedocs.io/en/stable/getting_started/overview.html}",
  note = "[Online; accessed 6-December-2020]"
}
                    
@misc{ WhatIsFigmaa101Intro,
  author = {Compact Creative},
  title = {{What Is Figma? a 101 Intro}},
  howpublished = "Available at \url{https://designshack.net/articles/software/what-is-figma-intro/}",
  note = "[Online; accessed 6-December-2020]"
}
                    
@misc{ AnoverviewofHTTP,
  author = {MDN},
  title = {{An overview of HTTP}},
  howpublished = "Available at \url{https://developer.mozilla.org/en-US/docs/Web/HTTP/Overview}",
  note = "[Online; accessed 27-November-2020]"
}
                    
@misc{ HTTPrequestmethods,
  author = {MDN},
  title = {{HTTP request methods}},
  howpublished = "Available at \url{https://developer.mozilla.org/en-US/docs/Web/HTTP/Methods}",
  note = "[Online; accessed 28-November-2020]"
}
                    
@misc{ Express,
  author = {StrongLoop, IBM},
  title = {{Express}},
  howpublished = "Available at \url{https://expressjs.com/}",
  note = "[Online; accessed 28-November-2020]"
}
                    
@misc{ Flask,
  author = {The Pallets Projects},
  title = {{Flask}},
  howpublished = "Available at \url{https://palletsprojects.com/p/flask/}",
  note = "[Online; accessed 28-November-2020]"
}
                    
@misc{ WhatisNoSQL,
  author = {MongoDB, Inc},
  title = {{What is NoSQL?}},
  howpublished = "Available at \url{https://www.mongodb.com/nosql-explained}",
  note = "[Online; accessed 28-November-2020]"
}
                    
@misc{ WhatisMongoDBIntroductionArchitectureFeaturesExample,
  author = {Guru99},
  title = {{What is MongoDB? Introduction, Architecture, Features \& Example}},
  howpublished = "Available at \url{https://www.guru99.com/what-is-mongodb.html}",
  note = "[Online; accessed 28-November-2020]"
}
                    
@misc{ mongoose,
  author = {Mongoose},
  title = {{mongoose}},
  howpublished = "Available at \url{https://mongoosejs.com/}",
  note = "[Online; accessed 28-November-2020]"
}
                    
@misc{ GoogleAppEngineDocumentation,
  author = {Google},
  title = {{Google App Engine Documentation}},
  howpublished = "Available at \url{https://cloud.google.com/appengine/docs}",
  note = "[Online; accessed 17-November-2020]"
}
                    
@misc{ MongoDBAtlas,
  author = {MongoDB, Inc},
  title = {{MongoDB Atlas}},
  howpublished = "Available at \url{https://docs.atlas.mongodb.com/#service-fullname}",
  note = "[Online; accessed 18-November-2020]"
}
                    
@misc{ GraphAPI,
  author = {Facebook},
  title = {{Graph API}},
  howpublished = "Available at \url{https://developers.facebook.com/docs/graph-api/}",
  note = "[Online; accessed 18-November-2020]"
}
                    
@misc{ Entréechoosefromaworldofdisheswithasingletouch,
  author = {Sharanya Gopinathan},
  title = {{Entrée - choose from a world of dishes with a single touch}},
  howpublished = "Available at \url{https://techweek.com/entree-choose-dishes-single-touch/}",
  note = "[Online; accessed 29-August-2020]"
}
                    
@misc{ EatseeSeeitEatit,
  author = {Apple Store},
  title = {{Eatsee - See it. Eat it}},
  howpublished = "Available at \url{https://apps.apple.com/us/app/id1202110881}",
  note = "[Online; accessed 30-August-2020]"
}
                    
@misc{ Tinderapp,
  author = {Wikipedia},
  title = {{Tinder (app)}},
  howpublished = "Available at \url{https://en.wikipedia.org/wiki/Tinder_(app)}",
  note = "[Online; accessed 30-August-2020]"
}
                    
@article{ ExpertSystemsWithApplications,
  author =	 {I. Garcia and L. Sebastia and E. Onaindia},
  title =	 {On the design of individual and group recommender systems for tourism},
  journal =	 {Expert Systems with Applications},
  volume =	 38,
  number =	 6,
  year =	 2011
}


@misc{ BuildauserbasedcollaborativefilteringrecommendationengineforAnime,
  author = {Chris I},
  title = {{Build a user-based collaborative filtering recommendation engine for Anime}},
  howpublished = "Available at \url{https://towardsdatascience.com/build-a-user-based-collaborative-filtering-recommendation-engine-for-anime-92d35921f304}",
  note = "[Online; accessed 30-August-2020]"
}
                    
@misc{ Manipulatingdocuments,
  author = {MDN},
  title = {{Manipulating documents}},
  howpublished = "Available at \url{https://developer.mozilla.org/en-US/docs/Learn/JavaScript/Client-side_web_APIs/Manipulating_documents}",
  note = "[Online; accessed 30-April-2021]"
}

@misc{ Statelessprotocol,
  author = {Wikipedia},
  title = {{Stateless protocol}},
  howpublished = "Available at \url{https://en.wikipedia.org/wiki/Stateless_protocol}",
  note = "[Online; accessed 30-April-2021]"
}

@misc{ WhatIsWebFramework,
  author = {GoodFirms},
  title = {{What is a Web Framework?}},
  howpublished = "Available at \url{https://www.goodfirms.co/glossary/web-framework/}",
  note = "[Online; accessed 30-April-2021]"
}


@article{ MusicRecommender,
author = {Kim, Hyun-Tae and Kim, Eungyeong and Lee, Jong-Hyun and Ahn, Chang Wook},
year = {2010},
month = {01},
pages = {},
title = {A recommender system based on genetic algorithm for music data},
volume = {6},
journal = {ICCET 2010 - 2010 International Conference on Computer Engineering and Technology, Proceedings},
doi = {10.1109/ICCET.2010.5486161}
}















@misc{bworld,
  author = {L. Bao},
  title = {{BWorld Robot Control Software}},
  howpublished = "Available at \url{http://aiweb.techfak.uni-bielefeld.de/content/bworld-robot-control-software/}",

  note = "[Online; accessed 19-July-2008]"
}


@INPROCEEDINGS{zztest,
  author = {L. Bao and J.J. Garcia-Luan-Aceves},
  title = {Topology Management in Ad Hoc Networks},
  booktitle = mobihoc03,
  address = mobihoc03_adr,
  pages = {129--140},
  year = {2003},
  month = jun,
  pdf = {bao03.pdf},
}


@article{ bettstetter03,
  author =	 {C. Bettstetter and G. Resta and P. Santi},
  title =	 {The Node Distribution of the Random Waypoint
                  Mobility Model for Wireless Ad Hoc Networks},
  journal =	 {IEEE Trans. Mobile Computing},
  volume =	 2,
  number =	 3,
  month =	 {Jul--Sep},
  pages =	 {257--269},
  year =	 2003
}

@Article{bianchi00,
  author = 	 {G. Bianchi},
  title = 	 {Performance Analysis of the IEEE 802.11 Distributed
Coordination Function},
  journal = 	 jsac,
  year = 	 2000,
  volume =	 13,
  number =	 3,
  pages =	 {535--548},
  month =	 mar
}

@Article{gupta98,
  author = 	 {P. Gupta and P.R. Kumar},
  title = 	 {Critical Power for Asymptotic Connectivity in
Wireless Networks},
  journal = 	 {Stochastic Analysis, Control, Optimization and Applications},
  year = 	 1998,
  pages =	 {547--566}
}

@ARTICLE{hon02,
  author = {H. Honkasalo and K. Pehkonen and M.T. Niemi and A.T. Leino},
  title = {WCDMA and WLAN for 3G and Beyond},
  journal = wcommag,
  year = {2002},
  pages = {14--18},
  month = apr,
}


@Book{santi05b,
  author =	 {P. Santi},
  title = 	 {Topology Control in Wireless Ad Hoc and Sensor Networks},
  publisher = 	 {Wiley},
  year = 	 2005,
  note =	 {p.133}
}


@ARTICLE{shen04,
  author = {C.-C. Shen and C. Srisathapornphat and R. Lui and Z. Huang and C. Jaikaeo and E.L. Lloyd},
  title = {CLTC: A Cluster-Based Topology Control Framework for Ad Hoc Network},
  journal = tomp,
  year = {2004},
  volume = {3},
  number = {1},
  pages = {18--32},
  month = {Jan--Mar}
}

@Article{norros95,
  author = 	 {I. Norros},
  title = 	 {On the use of Fractional Brownian Motion in the
Theory of Connectionless Networks},
  journal = 	 jsac,
  year = 	 1995,
  volume =	 13,
  number =	 6,
  pages =	 {953--962},
  month =	 aug
}

@InProceedings{eun01,
  author =	 {D.Y. Eun and N.B. Shroff},
  title =	 {A Measurement-Analytic Framework for QoS Estimation
                  Based on the Dominant Time Scale},
  booktitle =	 infocom01,
  year =	 2001,
  address =	 infocom01_adr,
  month =	 apr
}

@Article{kim01,
  author = 	 {H.S. Kim and N.B. Shroff},
  title = 	 {Loss Probability Calculations and Asymptotic
Analysis for Finite Buffer Multiplexers},
  journal = 	 ton,
  year = 	 2001,
  volume =	 9,
  number =	 6,
  pages =	 {755--768},
  month =	 dec
}

@INPROCEEDINGS{singh02,
  author = {J.P. Singh and N. Bambos and B. Srinivasan and D. Clawin},
  title = {Wireless LAN Performance under Varied Stress Conditions in Vehicular Traffic Scenarios},
  booktitle = {Proc. IEEE Vehicular Technology Conference},
  year = {2002}
}

@INPROCEEDINGS{subramanian00,
  author = {L. Subramanian and R.H. Katz},
  title = {An Architecture for Building Self-Configurable Systems},
  booktitle = mobihoc00,
  year = {2000},
  address = {Boston, USA},
  month = aug
}

@ARTICLE{takagi84,
  author = {H. Takagi and L. Kleinrock},
  title = {Optimal Transmission Ranges for Randomly Distributed Packet Radio Terminals},
  journal = toc,
  year = {1984},
  volume = {COM-32},
  number = {3},
  pages = {246--257},
  month = mar
}

@ARTICLE{yu04,
  author = {C. Yu and K.G. Shin and B. Lee},
  title = {Power-Stepped Protocol: Enhancing Spatial Utilization in a Clustered Mobile Ad Hoc Network},
  journal = jsac,
  year = {2004},
  volume = {22},
  number = {7},
  pages = {1322--1334},
  month = sep,
}

@InProceedings{barowski05,
  author = 	 {Y. Barowski and S. Biaz and P. Agrawal},
  title = 	 {Towards the Performance Analysis of IEEE 802.11 in
Multi-hop Ad-Hoc Networks},
  booktitle = 	 {Proc. IEEE WCNC'05},
  pages =	 {100--106},
  year =	 2005,
  month =	 mar
}

